%% list of journal abbreviations
%% http://cdsads.u-strasbg.fr/abs_doc/aas_macros.html 

@ARTICLE{caplar2020,
       author = {{Caplar}, Neven and {Pena}, Theodore and {Johnson}, Sean D. and
         {Greene}, Jenny E.},
        title = "{Observational Nonstationarity of AGN Variability: The Only Way to Go Is Down!}",
      journal = {\apjl},
     keywords = {Astrophysics - Astrophysics of Galaxies, Astrophysics - High Energy Astrophysical Phenomena},
         year = 2020,
        month = feb,
       volume = {889},
       number = {2},
          eid = {L29},
        pages = {L29},
          doi = {10.3847/2041-8213/ab6a11},
archivePrefix = {arXiv},
       eprint = {2001.04471},
 primaryClass = {astro-ph.GA},
       adsurl = {https://ui.adsabs.harvard.edu/abs/2020ApJ...889L..29C},
      adsnote = {Provided by the SAO/NASA Astrophysics Data System}
}

